@inproceedings{dyer:2013,
 year=2013,
 author={Chris Dyer and Victor Chahuneau and Noah A. Smith},
 title={A Simple, Fast, and Effective Reparameterization of {IBM~Model~2}},
 booktitle={Proc. NAACL}
}

@InProceedings{hopkins-may:2011:EMNLP,
  author    = {Hopkins, Mark  and  May, Jonathan},
  title     = {Tuning as Ranking},
  booktitle = {Proceedings of the 2011 Conference on Empirical Methods in Natural Language Processing},
  month     = {July},
  year      = {2011},
  address   = {Edinburgh, Scotland, UK.},
  publisher = {Association for Computational Linguistics},
  pages     = {1352--1362},
  url       = {http://www.aclweb.org/anthology/D11-1125}
}

@InProceedings{openfst,
 author =       {Cyril Allauzen and Michael Riley and Johan  Schalkwyk and Wojciech Skut and Mehryar Mohri},
 title =        {Open{F}st: A General and Efficient Weighted Finite-State Transducer Library},
 booktitle = {Proceedings of the Ninth International Conference on Implementation and Application of Automata, (CIAA 2007)},
 pages =        {11-23},
 year =         {2007},
 volume =       {4783},
 series =       {Lecture Notes in Computer Science},
 publisher = {Springer},
 note =         {{\tt http://www.openfst.org}}
 }
 
 @inproceedings{Mauser:2009:ESM:1699510.1699538,
  author = {Mauser, Arne and Hasan, Sa\v{s}a and Ney, Hermann},
  title = {Extending statistical machine translation with discriminative and trigger-based lexicon models},
  booktitle = {Proceedings of the 2009 Conference on Empirical Methods in Natural Language Processing: Volume 1 - Volume 1},
  series = {EMNLP '09},
  year = {2009},
  isbn = {978-1-932432-59-6},
  location = {Singapore},
  pages = {210--218},
  numpages = {9},
  url = {http://dl.acm.org/citation.cfm?id=1699510.1699538},
  acmid = {1699538},
  publisher = {Association for Computational Linguistics},
  address = {Stroudsburg, PA, USA},
 }

@inproceedings{Papineni:2002:BMA:1073083.1073135,
 author = {Papineni, Kishore and Roukos, Salim and Ward, Todd and Zhu, Wei-Jing},
 title = {BLEU: a method for automatic evaluation of machine translation},
 booktitle = {Proceedings of the 40th Annual Meeting on Association for Computational Linguistics},
 series = {ACL '02},
 year = {2002},
 location = {Philadelphia, Pennsylvania},
 pages = {311--318},
 numpages = {8},
 url = {http://dx.doi.org/10.3115/1073083.1073135},
 doi = {10.3115/1073083.1073135},
 acmid = {1073135},
 publisher = {Association for Computational Linguistics},
 address = {Stroudsburg, PA, USA},
} 

@inproceedings{Och:2003:MER:1075096.1075117,
 author = {Och, Franz Josef},
 title = {Minimum error rate training in statistical machine translation},
 booktitle = {Proceedings of the 41st Annual Meeting on Association for Computational Linguistics - Volume 1},
 series = {ACL '03},
 year = {2003},
 location = {Sapporo, Japan},
 pages = {160--167},
 numpages = {8},
 url = {http://dx.doi.org/10.3115/1075096.1075117},
 doi = {10.3115/1075096.1075117},
 acmid = {1075117},
 publisher = {Association for Computational Linguistics},
 address = {Stroudsburg, PA, USA},
} 

@article{Chiang:2007:HPT:1268656.1268659,
 author = {Chiang, David},
 title = {Hierarchical Phrase-Based Translation},
 journal = {Comput. Linguist.},
 issue_date = {June 2007},
 volume = {33},
 number = {2},
 month = jun,
 year = {2007},
 issn = {0891-2017},
 pages = {201--228},
 numpages = {28},
 url = {http://dx.doi.org/10.1162/coli.2007.33.2.201},
 doi = {10.1162/coli.2007.33.2.201},
 acmid = {1268659},
 publisher = {MIT Press},
 address = {Cambridge, MA, USA},
} 

@inproceedings{Koehn:2003:SPT:1073445.1073462,
 author = {Koehn, Philipp and Och, Franz Josef and Marcu, Daniel},
 title = {Statistical phrase-based translation},
 booktitle = {Proceedings of the 2003 Conference of the North American Chapter of the Association for Computational Linguistics on Human Language Technology - Volume 1},
 series = {NAACL '03},
 year = {2003},
 location = {Edmonton, Canada},
 pages = {48--54},
 numpages = {7},
 url = {http://dx.doi.org/10.3115/1073445.1073462},
 doi = {10.3115/1073445.1073462},
 acmid = {1073462},
 publisher = {Association for Computational Linguistics},
 address = {Stroudsburg, PA, USA},
} 
